@misc{ntt-2023,
	month = {6},
	title = {{Number Theoretic Transform - A Gentle Introduction: Part II}},
	year = {2023},
	url = {https://cryptographycaffe.sandboxaq.com/posts/ntt-02/},
}
@article{satriawan-2023,
  author = {Satriawan, Ardianto and Syafalni, Infall and Mareta, Rella and Anshori, Isa and Shalannanda, Wervyan and Barra, Aleams},
  journal = {IEEE Access},
  month = {1},
  pages = {70288--70316},
  title = {{Conceptual review on number theoretic transform and comprehensive review on its implementations}},
  volume = {11},
  year = {2023},
  doi = {10.1109/access.2023.3294446},
  url = {https://doi.org/10.1109/access.2023.3294446},
}
